@article{Vahedi87,
  author   = {واحدی, مصطفی},
  title    = {درختان پوشای کمینه دورنگی مسطح},
  journal  = {مجله فارسی نمونه},
  volume   = {1},
  year     = {1387},
  number   = {2},
  month    = {آبان},
  pages    = {22-30},
  language = {Persian}
}

@conference{Amintoosi09regional,
  author    = {M. Amintoosi and M. Fathy and N. Mozayani},
  authorfa  = {م. امین‌طوسی and م. فتحی and م.مزینی},
  title     = {Regional Varying Image Super-Resolution},
  booktitle = {IEEE International Joint Conference on Computational Sciences and Optimization},
  year      = {2009},
  month     = {April 23-26},
  address   = {Sanya, China},
  volume    = {1},
  pages     = {913-917}
}

@conference{Amintoosi09video,
  author    = {M. Amintoosi and M. Fathy },
  authorfa  = {م. امین‌طوسی and م. فتحی },
  title     = {Video Resolution Enhancement in the Presence of Moving Objects},
  booktitle = {International Conference on Image Processing, Computer Vision, and Pattern Recognition},
  year      = {2009},
  address   = {Las Vegas, USA},
  month     = {July}
}

@article{Amintoosi09precise,
  author   = {M. Amintoosi and M. Fathy and N. Mozayani},
  authorfa = {م. امین‌طوسی and م. فتحی and م.مزینی},
  title    = {Precise Image Registration with Structural Similarity Error Measurement Applied to Super-Resolution},
  journal  = {{EURASIP} {J}ournal on {A}dvances in {S}ignal {P}rocessing},
  volume   = {2009},
  year     = {2009},
  pages    = {7 pages},
  note     = {{A}rticle ID 305479},
  url      = {http://www.hindawi.com/journals/asp/2009/305479.html}
}

@conference{Amintoosi87afzayesh,
  author       = {امین‌طوسی,محمود and مزینی,ناصر and  فتحی,محمود},
  title        = {افزایش وضوح ناحیه‌ای},
  booktitle    = {چهاردهمین کنفرانس ملی سالانه انجمن کامپیوتر ایران},
  year         = {1387},
  organization = {دانشگاه امیرکبیر},
  address      = {تهران، ایران},
  month        = {اسفند},
  pages        = {101--108},
  language     = {Persian},
  url          = {http://www.civilica.com/Paper-ACCSI14-ACCSI14_107.htm}
}

@article{Baker02limits,
  author    = {Baker,, Simon and Kanade,, Takeo},
  title     = {Limits on Super-Resolution and How to Break Them},
  journal   = {IEEE Trans. Pattern Anal. Mach. Intell.},
  volume    = {24},
  number    = {9},
  year      = {2002},
  issn      = {0162-8828},
  pages     = {1167--1183},
  publisher = {IEEE Computer Society},
  address   = {Washington, DC, USA}
}

@book{Gonzalez02book,
  author    = {Gonzalez,, Rafael C. and Woods,, Richard E.},
  authorfa  = {ر. گنزالس and ر. وودس },
  title     = {Digital Image Processing},
  publisher = {Prentice-Hall, Inc.},
  year      = {2006},
  isbn      = {013168728X},
  edition   = {3rd},
  address   = {Upper Saddle River, NJ, USA}
}
 
@mastersthesis{Khalighi07MscThesis,
  author   = {Vafa Khalighi},
  authorfa = {خلیقی,وفا},
  title    = {Category Theory},
  school   = {Sydny Univ.},
  year     = {2007},
  month    = {April}
}

@misc{Khalighi87xepersian,
  author       = {خلیقی,وفا},
  title        = {زی‌پرشین (\lr{\XePersian}): بسته فارسی برای حروف‌چینی در \lr{\LaTeX2e}},
  howpublished = {\lr{\href{http://www.ctan.org/pkg/xepersian}{http://www.ctan.org/pkg/xepersian}}},
  year         = {۱۳۸۷},
  language     = {Persian}
}

@phdthesis{Omidali82phdThesis,
  author   = {امیدعلی, مهدی},
  title    = {خم‌های تک‌جمله‌ای تعریف شده توسط دنباله‌های تقریباً حسابی},
  school   = {دانشکده ریاضی، دانشگاه امیرکبیر},
  year     = {1385},
  month    = {تیر},
  language = {Persian}
}

@book{Pedram80osool,
  author     = {استالینگ, ویلیام},
  editor     = {برنجکوب, محمود},
  translator = { صدیقی‌ مشکنانی, محسن and پدرام,حسین },
  title      = {اصول طراحی و ویژگیهای داخلی سیستم‌های عامل},
  publisher  = {نشر شیخ بهایی},
  year       = {۱۳۸۰},
  address    = {اصفهان},
  edition    = {سوم},
  month      = {بهار},
  language   = {Persian}
}

@mastersthesis{Pourmousa88mscThesis,
  author   = {پورموسی, امیرمسعود},
  title    = {بررسی رویدادهای ریزهمگرایی گرانشی تکراری در راستای مرکز کهکشان و ابرهای ماژلانی},
  school   = {دانشکده فیزیک، دانشگاه صنعتی‌شریف},
  year     = {۱۳۸۸},
  language = {Persian}
}

@phdthesis{Borman04thesis,
  author   = {Sean Borman},
  authorfa = {بورمن,سین},
  title    = {Topics in Multiframe Superresolution Restoration},
  school   = {University of Notre Dame},
  year     = {2004},
  address  = {Notre Dame, IN},
  month    = {may}
}

@proceedings{conference06,
  editor    = {Farhad Shokoohi},
  authorfa  = {فرهاد شکوهی},
  title     = {Proceedings of the Xth Conference on XYZ},
  booktitle = {Proceedings of the Xth Conference on XYZ},
  year      = {2006},
  month     = {October}
}

@misc{persianbib87userguide,
  author       = {امین‌طوسی, م. and واحدی, م.},
  title        = {راهنمای استفاده از سبک‌های فارسی  برای {\lr{\textsc{Bib}\TeX}} در زی‌پرشین},
  howpublished = {گروه پارسی‌لاتک},
  year         = {۱۳۸۷},
  note         = {\url{http://www.parsilatex.com}},
  language     = {Persian}
}

@misc{UTThesisGuide,
  author       = {تحصیلات‌تکمیلی},
  title        = {دستورالعمل نگارش و تدوین پایان‌نامه دانشجویان مقطع کارشناسی ارشد و دکتری},
  howpublished = {\href{http://egufa.ut.ac.ir/%D8%B1%D9%88%DB%8C%D9%87%E2%80%8C%D9%87%D8%A7-%D9%88-%D9%81%D8%B1%D9%85%E2%80%8C%D9%87%D8%A7/%DA%A9%D8%A7%D8%B1%D8%B4%D9%86%D8%A7%D8%B3%DB%8C-%D8%A7%D8%B1%D8%B4%D8%AF/417-%D8%AF%D8%B3%D8%AA%D9%88%D8%B1%D8%A7%D9%84%D8%B9%D9%85%D9%84-%D9%86%DA%AF%D8%A7%D8%B1%D8%B4-%D9%88-%D8%AA%D8%AF%D9%88%DB%8C%D9%86-%D9%BE%D8%A7%DB%8C%D8%A7%D9%86-%D9%86%D8%A7%D9%85%D9%87-%D8%AF%D8%A7%D9%86%D8%B4%D8%AC%D9%88%DB%8C%D8%A7%D9%86-%D9%85%D9%82%D8%B7%D8%B9-%DA%A9%D8%A7%D8%B1%D8%B4%D9%86%D8%A7%D8%B3%DB%8C-%D8%A7%D8%B1%D8%B4%D8%AF-%D9%88-%D8%AF%DA%A9%D8%AA%D8%B1%DB%8C}{\lr{http://egufa.ut.ac.ir}}},
  year         = {۱۳۹۳},
  month        = {شهریور},
  note         = {معاونت آموزشی و تحصیلات تکمیلی پردیس دانشکده‌های فنی دانشگاه تهران},
  language     = {Persian}
}

@article{kim2016integrated,
  title     = {An integrated analysis of the genome-wide profiles of dna methylation and mRNA expression defining the side population of a human malignant mesothelioma cell line},
  author    = {Kim, Myung-Chul and Kim, Na-Yon and Seo, Yu-Ri and Kim, Yongbaek},
  authorfa  = {کیم,میونگ-چول and کیم,نا-یون and سئو,یو-ری and کیم,یونگ‌بک},
  journal   = {Journal of Cancer},
  volume    = {7},
  number    = {12},
  pages     = {1668},
  year      = {2016},
  publisher = {Ivyspring International Publisher}
}